% Encoding: UTF-8
@inproceedings{bilski2011ipv4,
    title={From IPv4 to IPv6--data security in the transition phase},
    author={Bilski, Tomasz},
    booktitle={Proc. 7th Int. Conf. Netw. Serv. ICNS 2011},
    pages={66--72},
    year={2011}
}
@inproceedings{gont2013security,
    title        = {Security assessments of IPv6 networks and firewalls},
    author       = {Gont, Fernando and Heuse, Marc},
    year         = 2013,
    booktitle    = {IPv6 Congress},
    volume       = 2013
}



@book{hagen2006ipv6,
    title={IPv6 essentials},
    author={Hagen, Silvia},
    year={2006},
    publisher={" O'Reilly Media, Inc."}
}

@article{rajamohandesign,
    title={Design And Configuration Of Static Network Address Translation Techniques Method Using Cisco Packet Tracer Tool},
    author={Rajamohan Parthasarathy, Ms and Ayyappan, Preethy}
}

@inproceedings{deering2000ipv6,
    title={IPv6: Why, What, When, How?},
    author={Deering, Steve},
    booktitle={NANOG19 Meeting, June},
    year={2000}
}

@article{andress2005ipv6,
    title={IPv6: the next internet protocol},
    author={Andress, J},
    journal={Login},
    volume={30},
    number={2},
    pages={21--28},
    year={2005}
}

@article{loshin2004ipv6,
    title={IPv6: Theory, protocol, and practice},
    author={Loshin, Peter},
    year={2004},
    publisher={Elsevier}
}


@techreport{hoffman2006tao,
    title={The Tao of IETF-A Novice's Guide to the Internet Engineering Task Force},
    author={Hoffman, Paul and Harris, Susan},
    year={2006}
}

@INPROCEEDINGS{1619968,
    author={Vives, A. and Palet, J.},
    booktitle={2005 Symposium on Applications and the Internet Workshops (SAINT 2005 Workshops)}, 
    title={IPv6 Distributed Security: Problem Statement}, 
    year={2005},
    volume={},
    number={},
    pages={18-21},
    doi={10.1109/SAINTW.2005.1619968}
}
@inproceedings{aura2006designing,
    title={Designing the mobile IPv6 security protocol},
    author={Aura, Tuomas and Roe, Michael},
    booktitle={Annales des t{\'e}l{\'e}communications},
    volume={61},
    number={3/4},
    pages={332},
    year={2006},
    organization={PRESSES POLYTECHNIQUES ROMANDES}
}

@article{huston2000nat,
    title={To NAT or IPv6--That is the question},
    author={Huston, Geoff},
    journal={Satellite BroadBand magazine},
    year={2000}
}
@article{frankel2010guidelines,
    title={Guidelines for the secure deployment of IPv6},
    author={Frankel, Sheila and Graveman, Richard and Pearce, John and Rooks, Mark and others},
    journal={NIST Special Publication},
    volume={800},
    pages={119},
    year={2010}
}
@article{ELGOARANY200732,
    title = {Security in Mobile IPv6: A survey},
    journal = {Information Security Technical Report},
    volume = {12},
    number = {1},
    pages = {32-43},
    year = {2007},
    issn = {1363-4127},
    doi = {https://doi.org/10.1016/j.istr.2007.02.002},
    url = {https://www.sciencedirect.com/science/article/pii/S1363412707000039},
    author = {Khaled Elgoarany and Mohamed Eltoweissy}
    
}

@article{dawood2012ipv6,
    title={IPv6 security vulnerabilities},
    author={Dawood, Harith},
    journal={International Journal of Information Security Science},
    volume={1},
    number={4},
    pages={100--105},
    year={2012}
}
@INPROCEEDINGS{6726061,
    author={Mavani, Monali and Ragha, Leena},
    booktitle={2013 Annual IEEE India Conference (INDICON)}, 
    title={Security implication and detection of threats due to manipulating IPv6 extension headers}, 
    year={2013},
    volume={},
    number={},
    pages={1-6},
    doi={10.1109/INDCON.2013.6726061}}

@article{DURDAGI20105285,
    title = {IPV4/IPV6 security and threat comparisons},
    journal = {Procedia - Social and Behavioral Sciences},
    volume = {2},
    number = {2},
    pages = {5285-5291},
    year = {2010},
    note = {Innovation and Creativity in Education},
    issn = {1877-0428},
    doi = {https://doi.org/10.1016/j.sbspro.2010.03.862},
    url = {https://www.sciencedirect.com/science/article/pii/S187704281000902X},
    author = {Emre Durdağı and Ali Buldu},
    keywords = {IPv6, IPv4, IP security, Ipv6 security performance, IP threats, IP attacks, security comparision}
    
}

@inproceedings{gao2014detecting,
    title={Detecting DOS/DDOS attacks under Ipv6},
    author={Gao, Jian and Chen, Yingjun},
    booktitle={Proceedings of the 2012 International Conference on Cybernetics and Informatics},
    pages={847--855},
    year={2014},
    organization={Springer}
}


@techreport{arkko2005secure,
    title={Secure neighbor discovery (SEND)},
    author={Arkko, Jari and Kempf, James and Zill, Brian and Nikander, Pekka},
    year={2005}
}

@techreport{nikander2004ipv6,
    title={IPv6 neighbor discovery (ND) trust models and threats},
    author={Nikander, Pekka and Kempf, James and Nordmark, Erik},
    year={2004}
}

@inproceedings{ullrich2014ipv6,
    title={$\{$IPv6$\}$ Security: Attacks and Countermeasures in a Nutshell},
    author={Ullrich, Johanna and Krombholz, Katharina and Hobel, Heidelinde and Dabrowski, Adrian and Weippl, Edgar},
    booktitle={8th USENIX Workshop on Offensive Technologies (WOOT 14)},
    year={2014}
}

@article{sotillo2006ipv6,
    title={Ipv6 security issues},
    author={Sotillo, Samuel},
    journal={Scanning},
    pages={4},
    year={2006}
}

@Book{boek1,
    author    = {Popoviciu, Ciprian P. and Levy-Abegnoli, Eric and Grossetete, Patrick},
    publisher = {Cisco Press},
    title     = {Deploying IPv6 Networks (Networking Technology)},
    year      = {2006},
    isbn      = {9781587052101},
    pages     = {672},
}

@INPROCEEDINGS{7726976,
    author={Sumathi, P. and Patel, Saroj and Prabhakaran},
    booktitle={2016 10th International Conference on Intelligent Systems and Control (ISCO)}, 
    title={Secure Neighbor Discovery (SEND) Protocol challenges and approaches}, 
    year={2016},
    volume={},
    number={},
    pages={1-6},
    doi={10.1109/ISCO.2016.7726976}}

@INPROCEEDINGS{1333418,
    author={Szigeti, S. and Risztics, P.},
    booktitle={Proceedings. 30th Euromicro Conference, 2004.}, 
    title={Will IPv6 bring better security?}, 
    year={2004},
    volume={},
    number={},
    pages={532-537},
    doi={10.1109/EURMIC.2004.1333418}}


@misc{conta1998rfc2463,
    title={RFC2463: Internet Control Message Protocol (ICMPv6) for the Internet Protocol Version 6 (IPv6) Specification},
    author={Conta, A and Deering, S},
    year={1998},
    publisher={RFC Editor}
}

@misc{vyncke2009ipv6,
    title={IPv6 Internet Security for Your Network},
    author={Vyncke, Eric and Hogg, Scott},
    year={2009},
    publisher={Cisco Press. http://www. ciscopress. com/articles/article. asp}
}

@article{morbitzer2013tcp,
    title={TCP idle scans in IPv6},
    author={Morbitzer, Mathias},
    journal={Master's thesis, Radboud University Nijmegen, The Netherlands},
    year={2013}
}


@article{eddy2006defenses,
    title={Defenses against TCP SYN flooding attacks},
    author={Eddy, Wesley M},
    journal={The Internet Protocol Journal},
    volume={9},
    number={4},
    pages={2--16},
    year={2006},
    publisher={Cisco}
}

@Comment{jabref-meta: databaseType:bibtex;}

@Comment{jabref-meta: saveActions:disabled;
    all-text-fields[identity]
    date[normalize_date]
    month[normalize_month]
    pages[normalize_page_numbers]
    ;}
